1810 3028
525 94 1192 144 FRAGMENTA.
1498 109 1593 158 253

184 191 363 231 Eudoxus
378 192 532 244 quidam
548 192 629 231 mea
640 200 763 235 aetate,
776 203 860 230 cum
876 190 1077 242 Lathyrem
1091 191 1234 241 Regem
1253 189 1413 243 fugeret,
1427 189 1598 230 Arabico

134 244 210 281 finu
232 245 403 294 egressus,
425 244 554 282 Gades
575 244 687 294 ul‘que
706 243 897 295 pervectus
917 243 966 280 est
1034 242 1186 285 Plinius,
1208 242 1272 280 lib.
1294 256 1351 281 11.
1371 243 1526 293 cap.67.

186 296 416 334 Latitudinis
438 297 502 333 ubi
523 295 738 337 minimum,
767 295 906 344 septem
926 293 1046 331 millia
1066 294 1228 343 passuum
1246 309 1256 338 ;
1288 294 1353 332 ubi
1372 295 1458 333 vero
1478 293 1596 346 pluri·

131 361 245 390 mum,
275 347 403 386 decem
426 347 556 386 millia.
613 346 766 391 Plinius,
786 351 823 384 in
843 348 1031 389 Prooemia,
1060 345 1125 382 lib.
1150 358 1185 395 3.

183 400 372 449 Melpum,
392 398 586 451 opulentia
607 399 853 450 praecipuum,
873 398 922 435 ab
941 397 1174 442 Insubribus,
1195 401 1229 434 ἅς
1250 397 1363 439 Boiis.
1384 401 1418 436 δε
1435 397 1598 435 Senoni-

131 450 212 491 bus.
243 452 408 489 deletum
427 452 475 489 est
494 464 538 488 eo
558 451 620 489 die
639 463 714 502 quo
734 450 916 489 Camillus
932 449 1048 488 Veios
1067 449 1181 500 cepit.
1236 451 1329 487 Idem
1341 449 1493 494 Plinius,
1510 449 1598 488 libri

128 505 282 552 ejzgtdem,
303 514 367 554 cap
387 517 441 552 ¹7-

182 554 274 591 Istro
292 554 330 591 in
352 555 507 593 Adriam
528 554 693 592 effluenti
713 554 732 592 ὲ
760 553 942 592 Danubio
972 565 1082 590 amne
1100 566 1145 591 ex
1174 551 1327 591 adverso
1344 552 1435 590 Padi
1457 552 1597 596 fauces,

128 606 318 643 contrario
336 620 463 644 eorum
485 608 664 657 percussu,
693 605 789 644 mari
809 605 1018 655 interjeeto,
1039 605 1290 644 dulcescente.
1336 606 1491 649 Plinius,
1511 606 1598 644 libri

126 659 281 707 ejusdem,
310 670 388 710 cap.
415 665 473 696 18.

178 710 297 759 Alpes
317 710 355 748 in
376 710 618 749 latitudinem
640 710 687 748 C.
708 709 769 747 M.
820 710 928 752 Idem,
956 708 1021 746 lib.
1042 709 1198 760 ejufisem,
1231 718 1306 757 cap.
1333 720 1392 758 19·

180 759 304 798 Cerne
333 762 454 800 insula
483 763 579 800 abest
610 775 653 800 ex
684 760 836 798 adverso
866 761 1031 800 maxime
1057 760 1303 812 Carthaginis
1331 759 1352 797 ὲ
1379 761 1599 800 continente

126 811 248 861 passus
277 813 394 858 mille,
432 827 507 852 non
537 814 697 866 amplior
727 812 887 851 circuitu
917 812 1064 851 duobus
1091 812 1277 851 millibus.
1328 812 1441 857 Idem,
1469 812 1536 852 lib.
1557 815 1596 852 6.

127 878 169 901 ca
196 893 203 900 .
255 877 287 903 1.

126 874 260 1004 lpr03st
292 917 528 969 accipitrem,
560 916 754 970 praecipua
773 915 972 955 auctoritas
993 914 1068 954 fuit
1100 915 1203 967 lupo,
1235 919 1269 954 ἅς
1295 915 1432 955 asellis.
1487 915 1599 963 Idem,

142 972 155 1004 i
185 996 191 1003 .
244 997 252 1006 .
271 985 313 1007 ca
342 998 350 1007 .
380 973 438 1008 18.

178 981 245 1057 M9e
258 981 395 1070 jufene
413 1022 580 1060 violacea
597 1034 763 1073 purpura
779 1019 948 1072 vigebat,
968 1021 1073 1070 cujus
1093 1020 1190 1058 libra
1209 1019 1372 1058 denariis
1392 1017 1440 1060 C.
1462 1018 1598 1058 venie-

126 1071 207 1116 bat,
236 1085 304 1110 nec
325 1075 443 1114 multo
463 1075 541 1125 post
561 1074 673 1111 rubra
688 1073 918 1111 Tarentina.
971 1072 1073 1110 Huic
1093 1072 1253 1110 succeffit
1272 1071 1444 1123 dibapha
1458 1072 1596 1122 Tyria,

124 1137 211 1174 qua:
241 1125 280 1162 in
310 1125 426 1163 libras
457 1125 622 1164 denariis
652 1125 756 1163 mille
785 1137 860 1162 non
894 1133 1040 1175 poterat
1075 1124 1164 1162 emi.
1219 1125 1303 1162 Hac
1339 1124 1380 1162 P.
1412 1124 1598 1162 Lentulus

124 1176 321 1226 Spinther,
343 1177 484 1216 AEdilis
501 1177 652 1215 Curulis
673 1177 830 1227 primus,
851 1176 894 1214 in
912 1176 1084 1227 pretexta
1099 1176 1196 1221 usus,
1215 1175 1463 1227 improbatur.
1510 1176 1598 1228 in

124 1229 292 1278 purpura
314 1230 398 1280 quis
421 1242 494 1267 non
508 1230 587 1279 jam
607 1228 812 1267 triclinaria
832 1228 950 1267 facit?
981 1231 1089 1271 Idem,
1109 1227 1172 1266 lib.
1199 1242 1255 1278 19.
1276 1239 1353 1279 cap.
1380 1241 1436 1279 ¹9·

179 1280 303 1318 Turdi
336 1281 449 1332 paulo
474 1292 559 1319 ante
579 1282 735 1331 Augusti
763 1280 1018 1333 principatum
1051 1280 1169 1330 coepti
1197 1280 1370 1331 saginari.
1425 1278 1597 1319 Cleoniae

122 1330 246 1381 magis
265 1332 431 1382 placent,
452 1332 565 1384 quam
581 1345 703 1384 grues.
764 1335 872 1376 Idem,
893 1332 956 1370 lib.
981 1345 1037 1370 10.
1058 1342 1135 1382 cap.
1158 1345 1220 1382 ²3·

176 1383 410 1435 Magnitudo
433 1384 520 1421 Loti
542 1383 686 1422 arboris
708 1385 843 1423 brevit.
901 1385 1011 1427 Idem,
1038 1383 1100 1421 lib.
1127 1396 1187 1432 23.
1209 1395 1284 1432 cap.
1315 1396 1372 1432 ¹7·

178 1434 319 1473 Vinum
351 1435 578 1487 exprimitur
610 1436 668 1473 illi
701 1436 818 1475 fimile
846 1436 978 1479 mulso,
1013 1435 1115 1486 quod
1150 1435 1245 1473 ultra
1271 1436 1388 1474 denos
1410 1437 1492 1476 dies
1518 1448 1595 1474 non

122 1485 248 1530 durat,
267 1486 467 1539 baccaeque
487 1487 648 1526 contusae
667 1500 753 1526 cum
774 1488 870 1526 alica
889 1488 936 1525 ad
957 1486 1062 1526 cibos
1083 1487 1195 1525 doliis
1212 1488 1442 1529 conduntur.
1486 1488 1596 1533 Id‘m,

122 1537 276 1582 Plinius,
303 1539 447 1578 ibidem.

177 1589 366 1629 Scandula
396 1592 568 1630 contecta
596 1589 667 1628 fuit
685 1591 808 1629 Roma
835 1592 883 1629 ad
902 1589 1035 1641 Pyrrhi
1055 1591 1167 1642 usque
1187 1590 1344 1636 bellum,
1373 1591 1484 1630 annis
1504 1604 1595 1643 qua·

123 1639 338 1692 dringeutis
359 1642 613 1695 septuaginta.
669 1645 777 1686 Idem,
806 1643 873 1682 lib.
900 1644 958 1681 16.
978 1654 1054 1693 cap.
1084 1656 1143 1682 10.

177 1693 279 1730 Ante
298 1694 407 1744 Syllae
428 1695 623 1733 vium-iam
642 1692 717 1733 duo
736 1705 884 1734 tantum
900 1695 1067 1733 triclinia
1083 1696 1214 1732 Romae
1235 1696 1388 1734 fuerunt
1403 1707 1598 1747 argentea.

123 1743 232 1786 Idem,
262 1746 327 1784 lib.
353 1759 415 1799 33.
436 1757 511 1796 cap.
539 1759 595 1785 11.

174 1796 434 1847 Cleophantus
450 1798 673 1837 Corinthius
684 1798 827 1837 secutus
841 1797 890 1836 est
907 1798 944 1837 in
963 1798 1111 1836 Italiam
1128 1799 1376 1837 Demaratum
1388 1798 1595 1850 Tarquinii

123 1846 238 1885 Prisci
261 1849 425 1889 Romani
443 1850 558 1901 Regis
580 1861 738 1900 patrem,
760 1851 970 1901 fugientem
991 1850 1012 1888 a
1029 1851 1221 1889 Corintho
1240 1850 1394 1901 injurias
1409 1851 1596 1902 Cypscllii

122 1899 288 1949 tyranni.
343 1902 451 1945 Idem,
481 1902 547 1939 lib.
569 1915 632 1953 33.
653 1914 730 1953 cap.
755 1916 788 1952 3.

177 1951 321 1989 Primus
343 1955 470 1990 Rornae
501 1954 663 2004 parietes
690 1953 807 1992 crusta
828 1953 1022 1992 marmoris
1054 1954 1206 2006 operuit
1226 1954 1342 1992 totius
1365 1953 1498 1992 domus
1525 1954 1596 1992 (ωε

122 2001 161 2039 in
192 2002 317 2039 Coelio
347 2016 474 2042 monte
507 2007 710 2044 Mamurra.
771 2007 931 2043 Formiis
963 2018 1087 2051 natus,
1117 2019 1227 2057 eques
1261 2006 1469 2051 Romanus,
1498 2020 1597 2058 prae-

122 2053 239 2091 fectus
261 2054 452 2094 fabrorum
475 2057 523 2095 C.
546 2058 699 2096 Caesaris
717 2059 755 2095 in
771 2057 912 2096 Gallia.
967 2058 1073 2097 Itium.
1097 2058 1162 2097 lib.
1187 2059 1245 2106 35.
1268 2068 1346 2108 cap.
1366 2057 1403 2095 6.

176 2104 370 2145 Mamurra
385 2108 527 2157 primus
548 2110 637 2146 totis
658 2110 799 2148 aedibus
821 2111 961 2147 nullam
980 2111 1046 2147 nifi
1062 2111 1081 2149 ὲ
1096 2122 1279 2147 marmore
1296 2109 1509 2148 columnam
1525 2109 1593 2149 ha·

123 2155 374 2213 buin-omnes
395 2158 527 2198 solidas
542 2160 562 2200 ὲ
576 2161 762 2212 Carystio,
783 2172 845 2198 aut
862 2161 1024 2199 Lunensi
1092 2162 1200 2209 Idem,
1224 2162 1376 2203 Plinius,
1403 2160 1543 2199 ibidem.

175 2208 262 2243 Fuit
295 2220 433 2259 magno
467 2212 664 2255 miraculo,
705 2226 788 2251 curn
826 2213 865 2250 P.
899 2212 1083 2251 Lentulus
1112 2214 1291 2261 Spinther
1319 2212 1518 2262 amphoras
1551 2226 1599 2253 ex

121 2259 270 2295 oniche
291 2260 475 2299 Chiorum
506 2265 766 2314 magnitudine
796 2265 975 2302 cadorum
1007 2265 1242 2311 ostendiil‘et5
1273 2265 1352 2314 post
1383 2264 1596 2315 quinquen-

120 2310 228 2346 nium
259 2310 396 2348 deinde
429 2314 584 2366 triginta
611 2315 768 2355 duorum
800 2317 941 2368 pedum
971 2316 1170 2368 longitude
1201 2315 1294 2354 vidi.
1368 2315 1478 2361 Idem,
1507 2315 1596 2356 libri

112 2361 280 2410 tjusiltm,
310 2374 387 2415 cap.
409 2377 448 2415 7.

1214 2699 1235 2736 ιιι

1287 2694 1599 2735 NDEX
